@ARTICLE{Bastian:2010,
   author = {{Bastian}, N. and {Covey}, K.~R. and {Meyer}, M.~R.},
    title = "{A Universal Stellar Initial Mass Function? A Critical Look at Variations}",
  journal = {ArXiv e-prints},
archivePrefix = "arXiv",
   eprint = {1001.2965},
 keywords = {Astrophysics - Galaxy Astrophysics, Astrophysics - Cosmology and Extragalactic Astrophysics},
     year = 2010,
    month = jan,
   adsurl = {http://adsabs.harvard.edu/abs/2010arXiv1001.2965B},
  adsnote = {Provided by the SAO/NASA Astrophysics Data System}
}

@ARTICLE{Hosek:2018b,
       author = {{Hosek}, M.~W., Jr. and {Lu}, J.~R. and {Anderson}, J. and {Najarro}, F.
        and {Ghez}, A.~M. and {Morris}, M.~R. and {Clarkson}, W.~I. and
        {Albers}, S.~M.},
        title = "{The Unusual Initial Mass Function of the Arches Cluster}",
      journal = {ArXiv e-prints},
     keywords = {Astrophysics - Astrophysics of Galaxies, Astrophysics - Solar and
        Stellar Astrophysics},
         year = 2018,
        month = Aug,
          eid = {arXiv:1808.02577},
        pages = {arXiv:1808.02577},
archivePrefix = {arXiv},
       eprint = {1808.02577},
 primaryClass = {astro-ph.GA},
       adsurl = {https://ui.adsabs.harvard.edu/#abs/2018arXiv180802577H},
      adsnote = {Provided by the SAO/NASA Astrophysics Data System}
}

@INPROCEEDINGS{Lu:2009,
       author = {{Lu}, Jessica R. and {McCrady}, Nate and {Krumholz}, Mark and {Ghez},
        Andrea and {Kraus}, Adam and {Wright}, Shelley and {Goto}, Miwa},
        title = "{Star Formation's Dependence on Environment}",
    booktitle = {astro2010: The Astronomy and Astrophysics Decadal Survey},
         year = 2009,
       volume = {2010},
        month = Jan,
        pages = {187},
       adsurl = {https://ui.adsabs.harvard.edu/#abs/2009astro2010S.187L},
      adsnote = {Provided by the SAO/NASA Astrophysics Data System}
}

@ARTICLE{Lu:2013,
   author = {{Lu}, J.~R. and {Do}, T. and {Ghez}, A.~M. and {Morris}, M.~R. and 
	{Yelda}, S. and {Matthews}, K.},
    title = "{Stellar Populations in the Central 0.5 pc of the Galaxy. II. The Initial Mass Function}",
  journal = {\apj},
archivePrefix = "arXiv",
   eprint = {1301.0540},
 primaryClass = "astro-ph.SR",
 keywords = {Galaxy: center, infrared: stars, methods: statistical, stars: evolution, stars: luminosity function, mass function, stars: massive},
     year = 2013,
    month = feb,
   volume = 764,
      eid = {155},
    pages = {155},
      doi = {10.1088/0004-637X/764/2/155},
   adsurl = {http://adsabs.harvard.edu/abs/2013ApJ...764..155L},
  adsnote = {Provided by the SAO/NASA Astrophysics Data System}
}

@ARTICLE{Luhman:2018,
       author = {{Luhman}, K.~L.},
        title = "{The Stellar Membership of the Taurus Star-forming Region}",
      journal = {ArXiv e-prints},
     keywords = {Astrophysics - Solar and Stellar Astrophysics, Astrophysics -
        Astrophysics of Galaxies},
         year = 2018,
        month = Nov,
          eid = {arXiv:1811.01359},
        pages = {arXiv:1811.01359},
archivePrefix = {arXiv},
       eprint = {1811.01359},
 primaryClass = {astro-ph.SR},
       adsurl = {https://ui.adsabs.harvard.edu/#abs/2018arXiv181101359L},
      adsnote = {Provided by the SAO/NASA Astrophysics Data System}
}

@ARTICLE{vanDokkum:2010,
   author = {{van Dokkum}, P.~G. and {Conroy}, C.},
    title = "{A substantial population of low-mass stars in luminous elliptical galaxies}",
  journal = {\nat},
archivePrefix = "arXiv",
   eprint = {1009.5992},
 primaryClass = "astro-ph.CO",
     year = 2010,
    month = dec,
   volume = 468,
    pages = {940-942},
      doi = {10.1038/nature09578},
   adsurl = {http://adsabs.harvard.edu/abs/2010Natur.468..940V},
  adsnote = {Provided by the SAO/NASA Astrophysics Data System}
}

